<?xml version="1.0" encoding="UTF-8"?>
<record xmlns="http://www.loc.gov/MARC21/slim" xmlns:xsi="http://www.w3.org/2001/XMLSchema-instance" xsi:schemaLocation="http://www.loc.gov/MARC21/slim http://www.loc.gov/standards/marcxml/schema/MARC21slim.xsd">
<leader>     nam a2200277 a 4500</leader>
<controlfield tag="001">001280136</controlfield>
<controlfield tag="003">NNU</controlfield>
<controlfield tag="005">20061010172822.0</controlfield>
<controlfield tag="008">970912m19261931mr            000 0 ara d</controlfield>
<datafield tag="035" ind1="9" ind2=" ">
<subfield code="a">NYUb11667400</subfield>
</datafield>
<datafield tag="035" ind1=" " ind2=" ">
<subfield code="a">(CStRLIN)NYUG97-B3043</subfield>
</datafield>
<datafield tag="040" ind1=" " ind2=" ">
<subfield code="a">NjP</subfield>
<subfield code="c">NjP</subfield>
<subfield code="d">MH</subfield>
<subfield code="d">CStRLIN</subfield>
<subfield code="d">NNU</subfield>
</datafield>
<datafield tag="066" ind1=" " ind2=" ">
<subfield code="c">(3</subfield>
</datafield>
<datafield tag="090" ind1=" " ind2=" ">
<subfield code="a">BP144</subfield>
<subfield code="b">.H25 1926</subfield>
</datafield>
<datafield tag="100" ind1="1" ind2=" ">
<subfield code="a">Ḥajwī, Muḥammad ibn al-Ḥasan</subfield>
<subfield code="6">880-01</subfield>
</datafield>
<datafield tag="240" ind1="1" ind2="0">
<subfield code="6">880-02</subfield>
<subfield code="a">Fikr al-sāmī fī tārīkh al-fiqh al-Islāmī</subfield>
</datafield>
<datafield tag="245" ind1="1" ind2="0">
<subfield code="6">880-03</subfield>
<subfield code="a">Kitāb al-Fikr al-sāmī fī tārīkh al-fiqh al-Islāmī /</subfield>
<subfield code="c">taʼlīf Muḥammad ibn al-Ḥasan al-Ḥajwī al-Thaʻālibī.</subfield>
</datafield>
<datafield tag="250" ind1=" " ind2=" ">
<subfield code="6">880-04</subfield>
<subfield code="a">al-Ṭabʻah 1.</subfield>
</datafield>
<datafield tag="260" ind1=" " ind2=" ">
<subfield code="6">880-05</subfield>
<subfield code="a">al-Rabāṭ :</subfield>
<subfield code="b">Maṭbaʻat Idārat al-Maʻārif,</subfield>
<subfield code="c">1345-1349 [1926 or 1927-1931]</subfield>
</datafield>
<datafield tag="300" ind1=" " ind2=" ">
<subfield code="a">4 v. ;</subfield>
<subfield code="c">24 cm.</subfield>
</datafield>
<datafield tag="650" ind1=" " ind2="0">
<subfield code="a">Islamic law</subfield>
<subfield code="x">History.</subfield>
</datafield>
<datafield tag="880" ind1="1" ind2=" ">
<subfield code="6">100-01/</subfield>
<subfield code="a">حجوى، محمد بن الحسن.</subfield>
</datafield>
<datafield tag="880" ind1="1" ind2="0">
<subfield code="6">240-02/</subfield>
<subfield code="a">فكر السامي فى تاريخ الفقه الاسلامى</subfield>
</datafield>
<datafield tag="880" ind1="1" ind2="0">
<subfield code="6">245-03/</subfield>
<subfield code="a">كتاب الفكر السامي فى تاريخ الفقه الاسلامى /</subfield>
<subfield code="c">تأليف محمد بن الحسن الحجوى الثعالبى.</subfield>
</datafield>
<datafield tag="880" ind1=" " ind2=" ">
<subfield code="6">250-04/</subfield>
<subfield code="a">الطبعة ١.</subfield>
</datafield>
<datafield tag="880" ind1=" " ind2=" ">
<subfield code="6">260-05/</subfield>
<subfield code="a">الرباط :</subfield>
<subfield code="b">مربعة ادارة المعارف،</subfield>
<subfield code="c">١٣٤٩-١٣٤٥.</subfield>
</datafield>
<datafield tag="OWN" ind1=" " ind2=" ">
<subfield code="a">GENERAL</subfield>
</datafield>
<datafield tag="998" ind1=" " ind2=" ">
<subfield code="a">19970912</subfield>
<subfield code="d">19970912</subfield>
<subfield code="d">19970912</subfield>
<subfield code="n">NNU</subfield>
<subfield code="s">1</subfield>
<subfield code="t">c</subfield>
<subfield code="z">p</subfield>
</datafield>
<datafield tag="AVA" ind1=" " ind2=" ">
<subfield code="a">NYU50</subfield>
<subfield code="b">BOBST</subfield>
<subfield code="c">Main Collection</subfield>
<subfield code="d">BP144 .H25 1926</subfield>
<subfield code="e">unavailable</subfield>
<subfield code="t">Unavailable</subfield>
<subfield code="f">1</subfield>
<subfield code="g">1</subfield>
<subfield code="h">Y</subfield>
<subfield code="i">0</subfield>
<subfield code="j">MAIN</subfield>
<subfield code="k">0</subfield>
</datafield>
</record>
